@article{BenjellounEtAl,
  title={Databases with uncertainty and lineage},
  author={Benjelloun, Omar and Das Sarma, Anish and Halevy, Alon and Theobald, Martin and Widom, Jennifer},
  journal={The VLDB Journal-The International Journal on Very Large Data Bases},
  volume={17},
  number={2},
  pages={243--264},
  year={2008},
  publisher={Springer-Verlag New York, Inc.}
}

@book{Bradley,
  title={Appearance and reality: a metaphysical essay},
  author={Bradley, Francis Herbert},
  year={2016},
  publisher={Routledge}
}

@book{Chisholm,
  title={Person and object: A metaphysical study},
  author={Chisholm, Roderick and others},
  year={2014},
  publisher={Routledge}
}

@article{CummingEtAl,
  title={Change and identity in complex systems},
  author={Cumming, Graeme S and Collier, John},
  journal={Ecology and society},
  volume={10},
  number={1},
  year={2005},
  publisher={JSTOR}
}

@article{DyllaEtAl,
  title={A temporal-probabilistic database model for information extraction},
  author={Dylla, Maximilian and Miliaraki, Iris and Theobald, Martin},
  journal={Proceedings of the VLDB Endowment},
  volume={6},
  number={14},
  pages={1810--1821},
  year={2013},
  publisher={VLDB Endowment}
}

@article{FisherEtAl,
  title={Criticality of data quality as exemplified in two disasters},
  author={Fisher, Craig W and Kingma, Bruce R},
  journal={Information \& Management},
  volume={39},
  number={2},
  pages={109--116},
  year={2001},
  publisher={Elsevier}
}

@article{GolfarelliRizzi,
  title={A survey on temporal data warehousing},
  author={Golfarelli, Matteo and Rizzi, Stefano},
  journal={International Journal of Data Warehousing and Mining (IJDWM)},
  volume={5},
  number={1},
  pages={1--17},
  year={2009},
  publisher={IGI Global}
}

@book{Hultgren,
  title={Modeling the agile data warehouse with data vault},
  author={Hultgren, Hans},
  year={2012},
  publisher={New Hamilton}
}

@book{Inmon,
  title={Building the data warehouse},
  author={Inmon, William H},
  year={2005},
  publisher={John wiley \& sons}
}

@book{Johnston,
  title={Bitemporal data: theory and practice},
  author={Johnston, Tom},
  year={2014},
  publisher={Newnes}
}

@article{LinEtAl,
  title={Merging databases under constraints},
  author={Lin, Jinxin and Mendelzon, Alberto O},
  journal={International Journal of Cooperative Information Systems},
  volume={7},
  number={01},
  pages={55--76},
  year={1998},
  publisher={World Scientific}
}

@book{Liu,
  title={Uncertainty Theory: An Introduction to its Axiomatic Foundations. 2004},
  author={Liu, B},
  year={2004},
  publisher={Springer-Verlag, Berlin}
}

@article{LiuEtAl,
  title={Sequential adaptive combination of unreliable sources of evidence},
  author={Liu, Zhun-ga and Pan, Quan and Cheng, Yong-mei and Dezert, Jean},
  journal={Advances and Applications of DSmT for Information Fusion},
  volume={2},
  pages={23},
  year={2015}
}

@article{Lombard,
  title={Relational change and relational changes},
  author={Lombard, Lawrence Brian},
  journal={Philosophical Studies},
  volume={34},
  number={1},
  pages={63--79},
  year={1978},
  publisher={Springer}
}

@article{MassaroEtAl,
  title={Models of integration given multiple sources of information.},
  author={Massaro, Dominic W and Friedman, Daniel},
  journal={Psychological review},
  volume={97},
  number={2},
  pages={225},
  year={1990},
  publisher={American Psychological Association}
}

@article{MoensSteedman,
  title={Temporal ontology and temporal reference},
  author={Moens, Marc and Steedman, Mark},
  journal={Computational linguistics},
  volume={14},
  number={2},
  pages={15--28},
  year={1988},
  publisher={MIT Press}
}

@article{Reichenbach,
  title={The tenses of verbs},
  author={Reichenbach, Hans},
  journal={Time: From Concept to Narrative Construct: a Reader},
  year={1947}
}

@article{RonnbackEtAl,
  title={Anchor modeling - Agile information modeling in evolving data environments},
  author={Ronnback, Lars and Regardt, Olle and Bergholtz, Maria and Johannesson, Paul and Wohed, Petia},
  journal={Data \& Knowledge Engineering},
  volume={69},
  number={12},
  pages={1229--1253},
  year={2010},
  publisher={Elsevier}
}

@article{Thalheim,
  title={The art of conceptual modelling},
  author={Thalheim, Bernhard},
  journal={Information Modelling and Knowledge Bases XXII. Frontiers in Artificial Intelligence and Applications},
  volume={237},
  pages={149--168},
  year={2012}
}

@article{Ramsey,
  title={Truth and Probability. Reprinted in HE Kyburg and HE Smokler},
  author={Ramsey, Frank},
  journal={Studies in Subjective Probability},
  pages={25--52},
  year={1926}
}

@article{Sider,
  title={Quantifiers and temporal ontology},
  author={Sider, Theodore},
  journal={Mind},
  volume={115},
  number={457},
  pages={75--97},
  year={2006},
  publisher={Mind Association}
}

@article{Black,
  title={The identity of indiscernibles},
  author={Black, Max},
  journal={Mind},
  volume={61},
  number={242},
  pages={153--164},
  year={1952},
  publisher={JSTOR}
}

@article{NoyEtAl,
  title={Ontology evolution: Not the same as schema evolution},
  author={Noy, Natalya F and Klein, Michel},
  journal={Knowledge and information systems},
  volume={6},
  number={4},
  pages={428--440},
  year={2004},
  publisher={Springer}
}

@article{Allen,
  title={Maintaining knowledge about temporal intervals},
  author={Allen, James F},
  journal={Communications of the ACM},
  volume={26},
  number={11},
  pages={832--843},
  year={1983},
  publisher={ACM}
}

@inproceedings{Koubarakis,
  title={Representation and querying in temporal databases: the power of temporal constraints},
  author={Koubarakis, Manolis},
  booktitle={Data Engineering, 1993. Proceedings. Ninth International Conference on},
  pages={327--334},
  year={1993},
  organization={IEEE}
}

@article{Hartmann,
  title={On the implication problem for cardinality constraints and functional dependencies},
  author={Hartmann, Sven},
  journal={Annals of Mathematics and Artificial Intelligence},
  volume={33},
  number={2-4},
  pages={253--307},
  year={2001},
  publisher={Springer}
}

@article{Papafragou,
  title={Epistemic modality and truth conditions},
  author={Papafragou, Anna},
  journal={Lingua},
  volume={116},
  number={10},
  pages={1688--1702},
  year={2006},
  publisher={North-Holland}
}

@article{Ayer,
  title={Language, Truth, and Logic},
  author={Ayer, Alfred},
  journal={London: V. Gollancz ltd},
  year={1936}
}

@incollection{Smets,
  title={Imperfect information: Imprecision and uncertainty},
  author={Smets, Philippe},
  booktitle={Uncertainty management in information systems},
  pages={225--254},
  year={1997},
  publisher={Springer}
}

@article{SmetsEtAl,
  title={The transferable belief model},
  author={Smets, Philippe and Kennes, Robert},
  journal={Artificial intelligence},
  volume={66},
  number={2},
  pages={191--234},
  year={1994},
  publisher={Elsevier}
}

@article{Snodgrass,
  title={A taxonomy of time databases},
  author={Snodgrass, Richard and Ahn, Ilsoo},
  journal={ACM Sigmod Record},
  volume={14},
  number={4},
  pages={236--246},
  year={1985},
  publisher={ACM}
}

@incollection{Motro,
  title={Imprecision and uncertainty in database systems},
  author={Motro, Amihai},
  booktitle={Fuzziness in Database Management Systems},
  pages={3--22},
  year={1995},
  publisher={Springer}
}

@online{RDF,
  author = {{\relax W3C RDF Working Group}},
  title = {Resource Description Framework},
  year = 2004,
  url = {http://www.w3.org/RDF/},
  urldate = {2018-07-11}
}

@online{Anchor,
  author = {Ronnback, Lars},
  title = {Anchor Modeling},
  year = 2005,
  url = {http://www.anchormodeling.com/},
  urldate = {2018-07-11}
}

@book{LinstedtEtAl,
  title={Super Charge Your Data Warehouse: Invaluable Data Modeling Rules to Implement Your Data Vault},
  author={Linstedt, Dan and Graziano, Kent},
  year={2011},
  publisher={CreateSpace}
}

@inproceedings{McBrienEtAl,
  title={Schema evolution in heterogeneous database architectures, a schema transformation approach},
  author={McBrien, Peter and Poulovassilis, Alexandra},
  booktitle={International Conference on Advanced Information Systems Engineering},
  pages={484--499},
  year={2002},
  organization={Springer}
}

@article{Kent,
  title={A simple guide to five normal forms in relational database theory},
  author={Kent, William},
  journal={Communications of the ACM},
  volume={26},
  number={2},
  pages={120--125},
  year={1983},
  publisher={ACM}
}

@article{Codd,
  title={A relational model of data for large shared data banks},
  author={Codd, Edgar F},
  journal={Communications of the ACM},
  volume={13},
  number={6},
  pages={377--387},
  year={1970},
  publisher={ACM}
}

@article{SQL2011,
  title={Temporal features in SQL: 2011},
  author={Kulkarni, Krishna and Michels, Jan-Eike},
  journal={ACM Sigmod Record},
  volume={41},
  number={3},
  pages={34--43},
  year={2012},
  publisher={ACM}
}

@online{Oxford,
  author = {{\relax Oxford University Press}},
  title = {The Oxford English Dictionary},
  year = 2017,
  url = {https://en.oxforddictionaries.com/definition/posit},
  urldate = {2018-07-11}
}



